<record><leader>01747cam a2200409 i 4500</leader><controlfield tag="001">6815488</controlfield><controlfield tag="003">OCoLC</controlfield><controlfield tag="005">20150216122856.0</controlfield><controlfield tag="008">141001t20152013nyua   c      000 1 eng  </controlfield><datafield ind1=" " ind2=" " tag="010"><subfield code="a">  2014037083</subfield></datafield><datafield ind1=" " ind2=" " tag="020"><subfield code="a">9781627791540 (hbk.)</subfield></datafield><datafield ind1=" " ind2=" " tag="020"><subfield code="a">162779154X (hbk.)</subfield></datafield><datafield ind1=" " ind2=" " tag="020"><subfield code="z">9781627794404 (ebk.)</subfield></datafield><datafield ind1=" " ind2=" " tag="035"><subfield code="a">ocn892213082</subfield></datafield><datafield ind1=" " ind2=" " tag="040"><subfield code="a">DLC</subfield><subfield code="e">rda</subfield><subfield code="b">eng</subfield><subfield code="c">DLC</subfield><subfield code="d">IG#</subfield><subfield code="d">YDXCP</subfield><subfield code="d">BTCTA</subfield><subfield code="d">BDX</subfield><subfield code="d">NYP</subfield><subfield code="d">UAB</subfield><subfield code="d">AEU</subfield></datafield><datafield ind1="0" ind2="0" tag="050"><subfield code="a">PZ7.1.B365</subfield><subfield code="b">Fi 2015</subfield></datafield><datafield ind1="0" ind2="0" tag="082"><subfield code="a">[Fic]</subfield><subfield code="2">23</subfield></datafield><datafield ind1=" " ind2=" " tag="090"><subfield code="a">PZ 7.1 B365 Fi 2015</subfield><subfield code="b">AEU</subfield></datafield><datafield ind1="1" ind2=" " tag="100"><subfield code="a">Banks, Angelica,</subfield><subfield code="e">author.</subfield></datafield><datafield ind1="1" ind2="0" tag="245"><subfield code="a">Finding Serendipity /</subfield><subfield code="c">Angelica Banks ; with illustrations by Stevie Lewis.</subfield></datafield><datafield ind1=" " ind2=" " tag="250"><subfield code="a">First American edition.</subfield></datafield><datafield ind1=" " ind2="1" tag="264"><subfield code="a">New York :</subfield><subfield code="b">Henry Holt and Company,</subfield><subfield code="c">2015.</subfield></datafield><datafield ind1=" " ind2="4" tag="264"><subfield code="c">&#169;2013</subfield></datafield><datafield ind1=" " ind2=" " tag="300"><subfield code="a">281 pages :</subfield><subfield code="b">illustrations ;</subfield><subfield code="c">22 cm</subfield></datafield><datafield ind1=" " ind2=" " tag="336"><subfield code="a">text</subfield><subfield code="2">rdacontent</subfield></datafield><datafield ind1=" " ind2=" " tag="337"><subfield code="a">unmediated</subfield><subfield code="2">rdamedia</subfield></datafield><datafield ind1=" " ind2=" " tag="338"><subfield code="a">volume</subfield><subfield code="2">rdacarrier</subfield></datafield><datafield ind1=" " ind2=" " tag="500"><subfield code="a">"First published...in Australia in 2013 by Allen &amp; Unwin"--Title page verso.</subfield></datafield><datafield ind1=" " ind2=" " tag="520"><subfield code="a">"When Tuesday McGillycuddy and her beloved dog Baxterr discover that Tuesday's mother--the famous author Serendipity Smith--has gone missing, they set out on a magical adventure. In their quest to find Serendipity, they discover the mysterious and unpredictable place that stories come from"--</subfield><subfield code="c">Provided by publisher.</subfield></datafield><datafield ind1=" " ind2=" " tag="596"><subfield code="a">41</subfield></datafield><datafield ind1=" " ind2="0" tag="650"><subfield code="a">Authors</subfield><subfield code="v">Juvenile fiction.</subfield></datafield><datafield ind1=" " ind2="0" tag="650"><subfield code="a">Authorship</subfield><subfield code="v">Juvenile fiction.</subfield></datafield><datafield ind1=" " ind2="0" tag="650"><subfield code="a">Books and reading</subfield><subfield code="v">Juvenile fiction.</subfield></datafield><datafield ind1=" " ind2="0" tag="650"><subfield code="a">Magic</subfield><subfield code="v">Juvenile fiction.</subfield></datafield><datafield ind1="1" ind2=" " tag="700"><subfield code="a">Lewis, Stevie,</subfield><subfield code="e">illustrator.</subfield></datafield><datafield ind1=" " ind2=" " tag="949"><subfield code="a">PZ 7.1 B365 Fi 2015</subfield><subfield code="h">UAED-CU-B</subfield><subfield code="i">0162035244407</subfield></datafield><datafield ind1=" " ind2=" " tag="926"><subfield code="a">PZ 7.1 B365 Fi 2015</subfield><subfield code="w">LC</subfield><subfield code="c">1</subfield><subfield code="i">0162035244407</subfield><subfield code="l">CURRICULUM</subfield><subfield code="m">UAEDUC</subfield><subfield code="p">$150.00</subfield><subfield code="r">Y</subfield><subfield code="s">Y</subfield><subfield code="t">BOOK</subfield><subfield code="u">3/4/2015</subfield></datafield></record>